@inproceedings{jones2000type,
  title={Type classes with functional dependencies},
  author={Jones, Mark P},
  booktitle={European Symposium on Programming},
  pages={230--244},
  year={2000},
  organization={Springer}
}
@article{jones1999report,
  title={Report on the programming language Haskell 98, a non-strict purely functional language, February 1999},
  author={Jones, S Peyton and Hughes, John and Augustsson, Lennart and Barton, Dave and Boutel, Brian and Burton, Warren and Fasel, Joseph and Hammond, Kevin and Hinze, R and Hudak, Paul and others},
  journal={Cited on},
  volume={23},
  number={26},
  pages={148},
  year={1999}
}
